<collection xmlns="http://www.loc.gov/MARC21/slim"><record><leader>01445nam  2200349   450</leader><controlfield tag="001">922</controlfield><controlfield tag="003">http://montalegre.opacnet.com/OPAC/default.aspx?ContentAreaControl=ShowRegHoldings.ascx&amp;RegNo=16662</controlfield><datafield tag="100" ind1=" " ind2=" "><subfield code="a">19730701d1972    m  y0pory010305  ba</subfield></datafield><datafield tag="101" ind1="1" ind2=" "><subfield code="a">por</subfield><subfield code="c">ger</subfield></datafield><datafield tag="102" ind1=" " ind2=" "><subfield code="a">PT</subfield></datafield><datafield tag="105" ind1=" " ind2=" "><subfield code="a">y   z   000ay</subfield></datafield><datafield tag="106" ind1=" " ind2=" "><subfield code="a">r</subfield></datafield><datafield tag="200" ind1="1" ind2=" "><subfield code="a">José e seus irmãos</subfield><subfield code="f">Thomas Mann</subfield><subfield code="g">trad. de Elisa Lopes Ribeiro</subfield></datafield><datafield tag="210" ind1=" " ind2=" "><subfield code="a">Lisboa</subfield><subfield code="c">Livros do Brasil</subfield><subfield code="d">[D.L. 1972-1973]</subfield></datafield><datafield tag="215" ind1=" " ind2=" "><subfield code="a">4 v.</subfield><subfield code="d">22 cm</subfield></datafield><datafield tag="225" ind1="2" ind2=" "><subfield code="a">Dois mundos</subfield><subfield code="v">111, 111 A, 111 B, 111 C</subfield></datafield><datafield tag="304" ind1=" " ind2=" "><subfield code="a">Tít. orig.: Joseph, der Ernahrer</subfield></datafield><datafield tag="327" ind1="1" ind2=" "><subfield code="a">1º v.: 333, [2] p.</subfield><subfield code="a">2º v.: O jovem José. - 246, [4] p.</subfield><subfield code="a">3º v.: José no Egipto / trad. Agenor Soares de Moura. - 557, [2] p.</subfield><subfield code="a">4º v.: José o Provedor/ trad. Agenor Soares de Moura. - 506, [1] p., [2] f.</subfield></datafield><datafield tag="517" ind1="1" ind2=" "><subfield code="a">&lt;O &gt;jovem José</subfield></datafield><datafield tag="517" ind1="1" ind2=" "><subfield code="a">José no Egipto</subfield></datafield><datafield tag="675" ind1=" " ind2=" "><subfield code="a">821</subfield><subfield code="v">BN</subfield><subfield code="z">por</subfield></datafield><datafield tag="700" ind1=" " ind2="1"><subfield code="a">Mann</subfield><subfield code="b">Thomas</subfield><subfield code="f">1875-1955</subfield></datafield><datafield tag="702" ind1=" " ind2="1"><subfield code="a">Ribeiro</subfield><subfield code="b">Elisa Lopes</subfield><subfield code="4">730</subfield></datafield><datafield tag="702" ind1=" " ind2="1"><subfield code="a">Moura</subfield><subfield code="b">Agenor Soares de</subfield><subfield code="4">730</subfield></datafield><datafield tag="801" ind1=" " ind2="0"><subfield code="a">PT</subfield><subfield code="b">Biblioteca Municipal de Montalegre</subfield><subfield code="g">RPC</subfield></datafield><datafield tag="856" ind1=" " ind2=" "><subfield code="u">locateMedia.asp?cod=20060629164050&amp;ext=jpg</subfield><subfield code="z">CAPA</subfield></datafield><datafield tag="856" ind1=" " ind2=" "><subfield code="u">locateMedia.asp?cod=20060629164103&amp;ext=jpg</subfield><subfield code="z">CAPA</subfield></datafield><datafield tag="856" ind1=" " ind2=" "><subfield code="u">locateMedia.asp?cod=20060629164112&amp;ext=jpg</subfield><subfield code="z">CAPA</subfield></datafield><datafield tag="856" ind1=" " ind2=" "><subfield code="u">locateMedia.asp?cod=20060629164122&amp;ext=jpg</subfield><subfield code="z">CAPA</subfield></datafield><datafield tag="909" ind1="&#9;" ind2=" "><subfield code="a">4</subfield></datafield><datafield tag="966" ind1=" " ind2=" "><subfield code="a">0009022</subfield><subfield code="l">BMM</subfield><subfield code="s">SCG 821 MAN jos 111</subfield></datafield><datafield tag="966" ind1=" " ind2=" "><subfield code="a">0009018</subfield><subfield code="l">BMM</subfield><subfield code="s">SCG 821 MAN jov 111-A</subfield></datafield><datafield tag="966" ind1=" " ind2=" "><subfield code="a">0009044</subfield><subfield code="l">BMM</subfield><subfield code="s">SCG 821 MAN jos 111-B</subfield></datafield><datafield tag="966" ind1=" " ind2=" "><subfield code="a">0009019</subfield><subfield code="l">BMM</subfield><subfield code="s">SCG 821 MAN jos 111-C</subfield></datafield></record></collection>